@TechReport{Garante2007,
  author       = {{Garante per la protezione dei dati personali}},
  title        = {Lavoro: le linee guida del Garante per posta elettronica e internet- 5 marzo 2007 [1387978]},
  year         = {2007},
  month        = mar,
  organization = {{Garante per la protezione dei dati personali}},
  owner        = {cladu},
  timestamp    = {2007-03-05},
  url          = {https://www.garanteprivacy.it/home/docweb/-/docweb-display/docweb/1387978},
}

@TechReport{Garante2007a,
  author       = {{Garante per la protezione dei dati personali}},
  title        = {Lavoro: le linee guida del Garante per posta elettronica e internet},
  year         = {2007},
  month        = mar,
  organization = {{Garante per la protezione dei dati personali}},
  timestamp    = {2007-03-01},
  url          = {https://www.garanteprivacy.it/web/guest/home/docweb/-/docweb-display/docweb/1387522},
}

@TechReport{Garante2019,
  author       = {{Garante per la protezione dei dati personali}},
  title        = {Lavoro: è illecito mantenere attivo l’account di posta dell’ex dipendente},
  year         = {2019},
  month        = dec,
  organization = {{Garante per la protezione dei dati personali}},
  url          = {https://www.garanteprivacy.it/home/docweb/-/docweb-display/docweb/9215912},
}

@TechReport{Garante2007b,
  author       = {{Garante per la protezione dei dati personali}},
  title        = {"Linee guida in materia di trattamento di dati personali di lavoratori per finalità di gestione del rapporto di lavoro in ambito pubblico" - 14 giugno 2007},
  year         = {2007},
  month        = jun,
  organization = {{Garante per la protezione dei dati personali}},
  url          = {https://www.garanteprivacy.it/web/guest/home/docweb/-/docweb-display/docweb/1417809},
}

@TechReport{Garante2009,
  author       = {{Garante per la protezione dei dati personali}},
  title        = {Misure e accorgimenti prescritti ai titolari dei trattamenti effettuati con strumenti elettronici relativamente alle attribuzioni delle funzioni di amministratore di sistema - 27 novembre 2008 così modificato in base al provvedimento del 25 giugno 2009)},
  year         = {2009},
  month        = jun,
  organization = {{Garante per la protezione dei dati personali}},
  url          = {https://www.garanteprivacy.it/web/guest/home/docweb/-/docweb-display/docweb/1577499},
}

@TechReport{Garante2009a,
  author       = {{Garante per la protezione dei dati personali}},
  title        = {Provvedimento "Amministratori di sistema" del 27 novembre 2008 FAQ},
  year         = {2009},
  month        = apr,
  organization = {{Garante per la protezione dei dati personali}},
  url          = {https://www.garanteprivacy.it/web/guest/home/docweb/-/docweb-display/docweb/1577499},
}

@Manual{Google2021,
  title        = {Google Workspace for Education data protection implementation guide},
  author       = {Google},
  month        = mar,
  organization = {Google},
  year         = {2021},
  url          = {https://services.google.com/fh/files/misc/google_workspace_edu_data_protection_implementation_guide.pdf},
}

@Manual{Google2022,
  title        = {Centro sicurezza e privacy},
  author       = {Google},
  month        = dec,
  organization = {Google},
  year         = {2022},
  url          = {https://edu.google.com/intl/ALL_it/why-google/privacy-security/},
}

@Manual{Google2022a,
  title        = {Informativa sulla privacy di Google WorkSpace for education},
  author       = {Google},
  month        = dec,
  organization = {Google},
  year         = {2022},
  url          = {https://workspace.google.com/terms/education_privacy.html#privacy-police-revamp-intro},
}

@Manual{Google2022b,
  title        = {Norme sulla privacy di Google},
  author       = {Google},
  month        = dec,
  organization = {Google},
  year         = {2022},
  url          = {https://policies.google.com/privacy?hl=it},
}

@Manual{Google2020,
  title        = {Contratto (Online) Google Workspace for Education},
  author       = {Google},
  month        = dec,
  organization = {Google},
  year         = {2020},
  url          = {https://workspace.google.com/intl/it/terms/education_terms.html},
}

@Manual{Google2021a,
  title        = {Servizi principali e aggiuntivi di Google Workspace for Education},
  author       = {Google},
  month        = sep,
  organization = {Google},
  year         = {2021},
  url          = {https://support.google.com/a/answer/6356441},
}

@Manual{Google2022c,
  title        = {Guida alla privacy nei prodotti Google},
  author       = {Google},
  month        = dec,
  organization = {Google},
  year         = {2022},
  url          = {https://policies.google.com/technologies/product-privacy?hl=it},
}

@Manual{Google2022d,
  title        = {Riepilogo dei servizi},
  author       = {Google},
  month        = dec,
  organization = {Google},
  year         = {2022},
  url          = {https://workspace.google.com/terms/user_features.html},
}

@Manual{Google2022e,
  title        = {Comunicazioni su Google Workspace for Education per i genitori e i tutori},
  author       = {Google},
  month        = dec,
  organization = {Google},
  year         = {2022},
  url          = {https://support.google.com/a/answer/6356509},
}

@Manual{Google2021b,
  title        = {Controllare l'accesso ai servizi Google in base all'età},
  author       = {Google},
  month        = sep,
  organization = {Google},
  year         = {2021},
  url          = {https://support.google.com/a/answer/10651918},
}

@Manual{Google2023,
  title        = {Verificare l'identità degli insegnanti e impostare le autorizzazioni},
  author       = {Google},
  month        = jan,
  organization = {Google},
  year         = {2023},
  timestamp    = {2023-01-26},
  url          = {https://support.google.com/edu/classroom/answer/6071551?hl=it},
}

@Manual{Google2021c,
  title        = {Norme di utilizzo accettabile di Google Workspace e Cloud Identity},
  author       = {Google},
  month        = aug,
  organization = {Google},
  year         = {2021},
  timestamp    = {2021-08-25},
  url          = {https://workspace.google.com/terms/use_policy.html},
}

@Manual{Google2023a,
  title        = {Aggiungere un gruppo a un altro gruppo},
  author       = {Google},
  month        = jan,
  organization = {Google},
  year         = {2023},
  url          = {https://support.google.com/a/answer/167100?hl=it},
}

@Manual{Google2023b,
  title        = {Ruoli amministrativi predefiniti},
  author       = {Google},
  month        = feb,
  organization = {Google},
  year         = {2023},
  owner        = {claudio},
  timestamp    = {2023-02-19},
  url          = {https://support.google.com/a/answer/2405986},
}

@Manual{Google2023c,
  title        = {Controllare l'accesso ai servizi Google in base all'età},
  author       = {Google},
  month        = feb,
  organization = {Google},
  year         = {2023},
  url          = {https://support.google.com/a/answer/10651918?hl=it#customize},
}

@Manual{Google2023d,
  title        = {Aggiungere o eliminare un indirizzo email alternativo (alias email)},
  author       = {Google},
  month        = feb,
  organization = {Google},
  year         = {2023},
  url          = {https://support.google.com/a/answer/33327?hl=it#find_email_alias},
}

@Manual{Google2023e,
  title        = {Assegnare ruoli ai membri di un gruppo},
  author       = {Google},
  month        = mar,
  organization = {Google},
  year         = {2023},
  url          = {https://support.google.com/a/users/answer/10385278#zippy=,gestore,proprietario},
}

@Manual{Google2023f,
  title  = {Crea un gruppo nella tua organizzazione},
  author = {Google},
  month  = mar,
  year   = {2023},
  owner  = {cladu},
  url    = {https://support.google.com/a/answer/9400082},
}

@Manual{Google2023g,
  title  = {Condividere il calendario con altri},
  author = {Google},
  month  = mar,
  year   = {2023},
  url    = {https://support.google.com/calendar/answer/37082#permissions&zippy=,comprendere-le-impostazioni-di-autorizzazione-per-i-calendari-condivisi},
}

@Manual{Google2023h,
  title     = {Aggiungere o aggiornare più utenti da un file CSV},
  author    = {Google},
  month     = jul,
  year      = {2023},
  timestamp = {2023-07-15},
  url       = {https://support.google.com/a/answer/40057?hl=it},
}

@Comment{jabref-meta: databaseType:bibtex;}
